
@online{noauthor_user_nodate,
	title = {User manual — Certification Helper documentation},
	url = {https://certifier.readthedocs.io/en/latest/user-manual.html},
	urldate = {2024-05-04},
	keywords = {content, image},
	file = {User manual — Certification Helper documentation:C\:\\Users\\guanf\\Zotero\\storage\\PL733WCY\\user-manual.html:text/html},
}
